% Encoding: UTF-8

@article{nist2011,
  author  	= {{Peter Mell} and {Timothy Grance}},
  title   	= {{The NIST Definition of Cloud Computing}},
  journal 	= {{NIST Special Publication} 800 - 145},
  year    	= {2011}
}

@article{castro2001,
  author    = {{J.L. Castro} and {J.J. Castro-Schez} and {J.M. Zurita}},
  title     = {Use of a fuzzy machine learning technique in the knowledge acquisition process},
  journal   = {Fuzzy Sets and Systems},
  publisher = {Elsevier},
  pages		= {307 -- 320},
  year		= {2001}
}


@article{tecuci1992,
  author  	= {{Gheorghe D. Tecuci}},
  title   	= {{Automating Knowledge Acquisition as Extending, Updating, and Improving a Knowledge Base}},
  journal 	= {{Transactions on Systems, Man, and Cybernetics}},
  year    	= {1992},
  pages   	= {1444 -- 1460}
}

@article{tecuci1994,
  author  	= {{Gheorghe D. Tecuci} and {David Duff}},
  title  	= {A framework for knowledge base refinement through multistrategy learning and knowledge acquisition},
  journal 	= {Knowledge Acquisition},
  year    	= {1994},
  pages   	= {137 -- 162}
}

@article{fujihara1997,
  author  	= {{H. Fujihara} and {D. B. Simmons} and {N. C. Ellis} and {R. E. Shannons}},
  title   	= {{Knowledge Conceptualization Tool}},
  journal 	= {{Transactions on Knowledge and Data Engineering}},
  year    	= {1997}
}

@article{lawton2008,
  author  	= {{George Lawton}},
  title   	= {{Developing Software Online with Platform-as-a-Service Technology}},
  journal	= {{Computer}},
  year    	= {2008}
}

@article{gebus2009,
  author  	= {{S{\'e}bastien Gebus} and {Kauko Leivisk{\"a}}},
  title   	= {{Knowledge Acquisition for Decision Support Systems on an Electronic Assembly Line}},
  journal 	= {{Expert Systems with Applications}},
  pages   	= {93 -- 101},
  year    	= {2009}
}

@article{leung1990,
  author  	= {{K. S. Leung} and {M. H. Wong}},
  title   	= {An Expert-System Shell Using Structured Knowledge: An Object-Oriented Approach},
  journal 	= {Computer},
  pages   	= {38 -- 47},
  year    	= {1990}
}

@article{rafea2003,
  title		= {Automatic knowledge acquisition tool for irrigation and fertilization expert systems},
  author	= {{Ahmed Rafea} and {Hesham Hassen} and {Maryam Hazman}},
  journal	= {Expert systems with Applications},
  publisher	= {Elsevier},
  pages		= {49 -- 57},
  year		= {2003}
}

@article{song2016,
  author	= {{Bo Song} and {Zuhua Jiang} and {Lijun Liu}},
  title		= {Automated experiential engineering knowledge acquisition through Q\&A contextualization and transformation},
  journal	= {Advanced Engineering Informatics},
  publisher	= {Elsevier},
  pages		= {467 -- 480},
  year		= {2016}
}

@book{riley1998,
  author    = {{Joseph Giarratano} and {Gary Riley}},
  title     = {Expert Systems: Principles and Programming},
  publisher = {PWS Publishing Company},
  year      = {1998}
}

@book{mertens2012,
  author    = {{Peter Mertens} and {Freimut Bodendorf} and {Wolfgang K{\"o}nig} and {Arnold Picot} and {Matthias Schumann} and {Thomas Hess}},
  title     = {{Grundz{\"u}ge der Wirtschaftsinformatik}},
  publisher = {Springer-Verlag},
  year      = {2012}
}

@book{jackson1990,
  author    = {{Peter Jackson}},
  title     = {Introduction to Expert Systems},
  publisher = {Addison-Wesley Publishing Company},
  year      = {1990}
}

@book{greer2010,
  author    = {{Peter Z{\"o}ller-Greer}},
  title     = {{K{\"u}nstliche Intelligenz: Grundlagen und Anwendungen}},
  publisher = {Composia Verlag},
  year      = {2010}
}

@book{beierle2014,
  author    = {{Christoph Beierle} and {Gabriele Kern-Isberner}},
  title     = {Methoden wissensbasierter Systeme: Grundlagen, Algorithmen, Anwendungen},
  publisher = {Vieweg},
  year      = {2014}
}

@book{haun2000,
  author    = {{Matthias Haun}},
  title     = {Wissensbasierte Systeme},
  publisher = {Expert Verlag},
  year      = {2000}
}

@book{sinz2013,
  author    = {{Otto K. Ferstl} and {Elmar J. Sinz}},
  title     = {Grundlagen der Wirtschaftsinformatik},
  publisher = {Oldenbourg Verlag},
  year      = {2013}
}

@book{gottlob1990,
  author    = {{Georg Gottlob} and {Thomas Fr{\"u}hwirth} and {Werner Horn}},
  title     = {Expertensysteme},
  publisher = {Springer-Verlag},
  year      = {1990}
}

@book{akerkar2010,
  author	= {{Rajendra Akerkar} and {Priti Sajja}},
  title		= {Knowledge-Based Systems},
  publisher	= {Jones and Bartlett Publishers},
  year		= {2010}
}

@book{kurbel1992,
  author	= {{Karl Kurbel}},
  title		= {Entwicklung und Einsatz von Expertensystemen: Eine anwendungsorientierte Einf{\"u}hrung in 	wissensbasierte Systeme},
  publisher	= {Springer-Verlag},
  year		= {1992}
}

@book{krug2014,
  author    = {{Steve Krug}},
  title     = {Don't Make Me Think, Revisited: A Common Sense Approach to Web Usability},
  publisher = {New Riders},
  year      = {2014}
}

@inBook{wachsmuth1993,
  author    = {{Josef Meyer-Fujara} and {Frank Puppe} and {Ipke Wachsmuth}},
  title     = {{Expertensysteme und Wissensmodellierung}},
  booktitle = {Einf{\"u}hrung in die k{\"u}nstliche Intelligenz},
  publisher = {Addison-Wesley},
  chapter   = {7},
  pages     = {714--766},
  year      = {1993}
}

@phdthesis{tandon2016,
  author    = {{Niket Tandon}},
  title     = {Commonsense Knowledge Acquisition and Applications},
  school    = {Saarland University, Saarbr{\"{u}}cken, Germany},
  year      = {2016},
  url       = {http://scidok.sulb.uni-saarland.de/volltexte/2016/6629/},
  urn       = {urn:nbn:de:bsz:291-scidok-66291},
  timestamp = {Wed, 09 Nov 2016 14:06:32 +0100},
  biburl    = {http://dblp.uni-trier.de/rec/bib/phd/dnb/Tandon16},
  bibsource = {dblp computer science bibliography, http://dblp.org}
}

@techReport{iso9241,
  author      = {ISO},
  title       = {Ergonomic requirements for office work with visual display terminals (VDTs) -- Part 11: Guidance on usability},
  institution = {International Organization for Standardization},
  year        = {1998}
}